<record><leader>00000cas a22000007a 4500</leader><controlfield tag="001">12205984</controlfield><controlfield tag="008">850627d19631975iauwr ne      0    0eng d</controlfield><datafield ind1=" " ind2=" " tag="010"><subfield code="a">sn 85049655 </subfield></datafield><datafield ind1=" " ind2=" " tag="040"><subfield code="a">INP</subfield><subfield code="b">eng</subfield><subfield code="c">INP</subfield><subfield code="d">OCLCQ</subfield></datafield><datafield ind1=" " ind2=" " tag="042"><subfield code="a">msc</subfield></datafield><datafield ind1="0" ind2="4" tag="245"><subfield code="a">The North Cedar press.</subfield></datafield><datafield ind1=" " ind2=" " tag="260"><subfield code="a">Mechanicsville, Iowa :</subfield><subfield code="b">[s.n.],</subfield><subfield code="c">1963-1975.</subfield></datafield><datafield ind1=" " ind2=" " tag="300"><subfield code="a">12 v. :</subfield><subfield code="b">ill. ;</subfield><subfield code="c">47-58 cm.</subfield></datafield><datafield ind1=" " ind2=" " tag="310"><subfield code="a">Weekly</subfield></datafield><datafield ind1="0" ind2=" " tag="362"><subfield code="a">Vol. 1, no. 1 (May 2, 1963)-v. 12, no. 35 (Dec. 25, 1975).</subfield></datafield><datafield ind1=" " ind2=" " tag="500"><subfield code="a">"A Consolidation of the Pioneer-Press and Stanwood Herald, and The Clarence Sun."</subfield></datafield><datafield ind1=" " ind2=" " tag="500"><subfield code="a">Editor: Hugh Doty.</subfield></datafield><datafield ind1=" " ind2=" " tag="752"><subfield code="a">United States</subfield><subfield code="b">Iowa</subfield><subfield code="c">Cedar</subfield><subfield code="d">Mechanicsville.</subfield></datafield><datafield ind1=" " ind2=" " tag="752"><subfield code="a">United States</subfield><subfield code="b">Iowa</subfield><subfield code="c">Cedar</subfield><subfield code="d">Stanwood.</subfield></datafield><datafield ind1=" " ind2=" " tag="752"><subfield code="a">United States</subfield><subfield code="b">Iowa</subfield><subfield code="c">Cedar</subfield><subfield code="d">Clarence.</subfield></datafield><datafield ind1="0" ind2="4" tag="780"><subfield code="t">Clarence sun</subfield><subfield code="w">(DLC)sn 85049622</subfield></datafield><datafield ind1="0" ind2="4" tag="780"><subfield code="t">Pioneer-press and Stanwood herald</subfield><subfield code="w">(DLC)sn 85049654</subfield></datafield><datafield ind1="0" ind2="7" tag="785"><subfield code="t">Lowden news (Lowden, Iowa : 1935)</subfield><subfield code="w">(DLC)sn 85049600</subfield></datafield><datafield ind1="0" ind2="7" tag="785"><subfield code="t">Sun-news (Lowden, Iowa)</subfield><subfield code="w">(DLC)sn 85049601</subfield></datafield><datafield ind1="1" ind2=" " tag="029"><subfield code="a">AU@</subfield><subfield code="b">000025783733</subfield></datafield></record>